<?xml version="1.0" encoding="UTF-8"?><record xmlns="http://www.loc.gov/MARC21/slim" xmlns:cinclude="http://apache.org/cocoon/include/1.0" xmlns:zs="http://www.loc.gov/zing/srw/">
  <leader>00776cz  a2200157n  4500</leader>
  <controlfield tag="001">no2007028218</controlfield>
  <controlfield tag="003">DLC</controlfield>
  <controlfield tag="005">20070324075136.0</controlfield>
  <controlfield tag="008">070314n| acannaabn          |a ana     c</controlfield>
  <datafield tag="010" ind1=" " ind2=" ">
    <subfield code="a">no2007028218</subfield>
  </datafield>
  <datafield tag="035" ind1=" " ind2=" ">
    <subfield code="a">(OCoLC)oca07353498</subfield>
  </datafield>
  <datafield tag="040" ind1=" " ind2=" ">
    <subfield code="a">DGPO</subfield>
    <subfield code="b">eng</subfield>
    <subfield code="c">DGPO</subfield>
    <subfield code="d">DGPO</subfield>
  </datafield>
  <datafield tag="110" ind1="1" ind2=" ">
    <subfield code="a">United States.</subfield>
    <subfield code="t">Office of National Drug Control Policy Reauthorization Act of 2006</subfield>
  </datafield>
  <datafield tag="410" ind1="1" ind2=" ">
    <subfield code="a">United States.</subfield>
    <subfield code="t">Act to Reauthorize the Office of National Drug Control Policy Act</subfield>
  </datafield>
  <datafield tag="410" ind1="1" ind2=" ">
    <subfield code="a">United States.</subfield>
    <subfield code="t">Public Law 109-469</subfield>
  </datafield>
  <datafield tag="670" ind1=" " ind2=" ">
    <subfield code="a">Office of National Drug Control Policy Reauthorization Act of 2006, 2006:</subfield>
    <subfield code="b">120 Stat. 3502 (An Act to Reauthorize the Office of National Drug Control Policy Act) citation title, 120 Stat. 3502 (Office of National Drug Control Policy Reauthorization Act of 2006)</subfield>
  </datafield>
</record>